@online{deutschlandfunk_shell_2021,
  author       = {{Deutschlandfunk}},
  title        = {Shell verliert Klima-Prozess – Das Urteil von Den Haag und die Folgen},
  url          = {https://www.deutschlandfunk.de/shell-verliert-klima-prozess-das-urteil-von-den-haag-und-100.html},
  urldate      = {2025-01-14},
  note         = {Veröffentlicht am 28. Mai 2021.}
}

@online{lto_shell_klimaschutz_2024,
  author       = {{Legal Tribune Online}},
  title        = {Shell muss CO2-Ausstoß doch nicht senken},
  url          = {https://www.lto.de/recht/nachrichten/n/klimaschutz-shell-berufungsinstanz-den-haag-umweltvoelkerrecht},
  urldate      = {2025-01-14},
  note         = {Veröffentlicht am 12. November 2024.}
}


